<?xml version="1.0" encoding="UTF-8"?><collection xmlns="http://www.loc.gov/MARC21/slim"><record><leader>00410nam--2200145-i-4500</leader><controlfield tag="001">000022964</controlfield><controlfield tag="002">20161230</controlfield><controlfield tag="005">20161230201034</controlfield><controlfield tag="008">060222s1000------------r-----000-0-eng-d</controlfield><datafield ind1=" " ind2=" " tag="080"><subfield code="a">681.3.01</subfield></datafield><datafield ind1=" " ind2=" " tag="100"><subfield code="a">Gill, Arthur</subfield></datafield><datafield ind1=" " ind2=" " tag="245"><subfield code="a">Introduction to the theory of finite-state machines</subfield></datafield><datafield ind1=" " ind2=" " tag="260"><subfield code="a">New York,Mcgraw-hill Book Comp., 1962. Xi+207p</subfield></datafield><datafield ind1=" " ind2=" " tag="490"><subfield code="a">Mcgraw-hill Electronic Science Series</subfield></datafield><datafield ind1=" " ind2=" " tag="852"><subfield code="a">32826</subfield></datafield></record></collection>